
@inproceedings{AABJ04,
  author    = {Parosh Aziz Abdulla and Aurore Collomb-Annichini and Ahmed Bouajjani and Bengt Jonsson},
  title     = {Using forward reachability analysis for verification of lossy channel systems},
  booktitle = {FMSD},
  pages     = {25(1):39â€“65},
  year      = {2004},
} 

@misc{github.MPass,
author = {Parosh Aziz Abdulla and Mohamed Faouzi Atig and Subham Modi and Gaurav Saini},
howpublished = "\url{https://github.com/vigenere92/MPass}"
}

@article{CSV2UPPAAL,
author = {Abinoam P. Marques Jr. and Anders Ravn and Jiri Srba and Sallem Vighio.},
title = "{csv2uppaal}",
note = "{\tt https://github.com/csv2uppaal}"
}

@unpublished{JRSVgit,
  author = {Abinoam P. Marques Jr. and Anders Ravn and Jiri Srba and Sallem Vighio},
  title = {csv2uppaal},
  note = {https://github.com/csv2uppaal}
}

@article{Rack78,
  author    = {Charles Rackoff},
  title     = {The Covering and Boundedness Problems for Vector Addition
               Systems},
  journal   = {Theor. Comput. Sci.},
  volume    = {6},
  year      = {1978},
  pages     = {223-231},
}

@inproceedings{MPSV11,
  author    = {Abinoam P. Marques and Anders Peter Ravn and Jiri Srba and Saleem Vighio},
  title     = {Tool Supported Analysis of Web Services Protocols},
  booktitle = {TTCS},
  pages     = {pages 50-64},
  address   = {University of Oslo},
  year      = {2011}
}

@inproceedings{RSV11,
  author = {Anders P. Ravn and Jiri Srba and Saleem Vighio},
  title = {Modelling and verification of web services business activity protocol},
  booktitle = {TACAS},
  pages     = {pages 357-571},
  publisher = {Springer},
  series = {LNCS},
  year      = {2011}
}

@unpublished{AAC13,
 author = {Parosh Aziz Abdulla and Mohamed Faouzi Atig and Jonathan Cederberg},
 title = {Analysis of Message Passing Programs using SMT-Solvers},
 note = {Uppsala University}
}

@inproceedings{SJ05,
  author = {Qadeer, S. and Rehof, J},
  title = {Context-bounded model checking of concurrent software},
  booktitle = {TACAS},
  year      = {2005}
}

@inproceedings{AB93,
  author = {Abdulla, P.A. and Jonsson, B.},
  title = {Verifying programs with unreliable channels},
  booktitle = {LICS},
  year      = {1993}
}
@article{BZ83,
  author    = {Daniel Brand and
               Pitro Zafiropulo},
  title     = {On Communicating Finite-State Machines},
  journal   = {J. ACM},
  volume    = {30},
  number    = {2},
  year      = {1983},
  pages     = {323-342},
}
@Misc{lipton,
author = "R. Lipton",
title = "The Reachability Problem Requires Exponential Time",
howpublished  = {Technical Report TR 66},
institute ={Yale university},
YEAR = {1976}
}

@article{phs-IPL2002,
  	author =	{Ph. Schnoebelen},
  	journal =	{Information Processing Letters},
  	month =	sep,
  	number =	{5},
  	pages =	{251-261},
  	publisher =	{Elsevier Science Publishers},
  	title =	{Verifying Lossy Channel Systems has Nonprimitive Recursive Complexity},
  	volume =	{83},
  	year =	{2002},
}



